<?xml version="1.0" encoding="UTF-8"?>
<marc:record xmlns:marc="http://www.loc.gov/MARC21/slim" xmlns:xsi="http://www.w3.org/2001/XMLSchema-instance" xsi:schemaLocation="http://www.loc.gov/standards/marcxml/schema/MARC21slim.xsd">
  <marc:controlfield tag="001">pe30008765</marc:controlfield>
  <marc:controlfield tag="003">DE-633</marc:controlfield>
  <marc:controlfield tag="005">20161109000000.0</marc:controlfield>
  <marc:controlfield tag="008">161109n|||||||a||| a</marc:controlfield>
  <marc:datafield tag="040" ind1=" " ind2=" ">
    <marc:subfield code="a">DE-633</marc:subfield>
  </marc:datafield>
  <marc:datafield tag="042" ind1=" " ind2=" ">
    <marc:subfield code="a">individualized</marc:subfield>
  </marc:datafield>
  <marc:datafield tag="100" ind1="1" ind2=" ">
    <marc:subfield code="a">Damse, Józef</marc:subfield>
    <marc:subfield code="d">1789-1852</marc:subfield>
    <marc:subfield code="w">x</marc:subfield>
  </marc:datafield>
  <marc:datafield tag="375" ind1=" " ind2=" ">
    <marc:subfield code="a">male</marc:subfield>
  </marc:datafield>
  <marc:datafield tag="400" ind1="1" ind2=" ">
    <marc:subfield code="a">Dampse, Józef</marc:subfield>
    <marc:subfield code="j">xx</marc:subfield>
  </marc:datafield>
  <marc:datafield tag="670" ind1=" " ind2=" ">
    <marc:subfield code="a">DEUMM/b</marc:subfield>
    <marc:subfield code="b">0</marc:subfield>
    <marc:subfield code="w">1577</marc:subfield>
  </marc:datafield>
  <marc:datafield tag="670" ind1=" " ind2=" ">
    <marc:subfield code="a">EM/b</marc:subfield>
    <marc:subfield code="b">Damse, Józef (Dampse) [1789-1852]</marc:subfield>
    <marc:subfield code="w">1793</marc:subfield>
  </marc:datafield>
  <marc:datafield tag="670" ind1=" " ind2=" ">
    <marc:subfield code="a">Grove|5</marc:subfield>
    <marc:subfield code="b">Damse, Józef [1788-1852]</marc:subfield>
    <marc:subfield code="w">407</marc:subfield>
  </marc:datafield>
  <marc:datafield tag="670" ind1=" " ind2=" ">
    <marc:subfield code="a">Grove|6</marc:subfield>
    <marc:subfield code="b">=</marc:subfield>
    <marc:subfield code="w">1258</marc:subfield>
  </marc:datafield>
  <marc:datafield tag="670" ind1=" " ind2=" ">
    <marc:subfield code="a">MGG suppl.</marc:subfield>
    <marc:subfield code="b">0</marc:subfield>
    <marc:subfield code="w">2495</marc:subfield>
  </marc:datafield>
  <marc:datafield tag="670" ind1=" " ind2=" ">
    <marc:subfield code="a">MGG</marc:subfield>
    <marc:subfield code="b">Damse, Joseph [1789-1852]</marc:subfield>
    <marc:subfield code="w">1263</marc:subfield>
  </marc:datafield>
  <marc:datafield tag="670" ind1=" " ind2=" ">
    <marc:subfield code="a">MGG</marc:subfield>
    <marc:subfield code="b">vide 7, 1700</marc:subfield>
    <marc:subfield code="w">1263</marc:subfield>
  </marc:datafield>
  <marc:datafield tag="670" ind1=" " ind2=" ">
    <marc:subfield code="a">RISM A/I</marc:subfield>
    <marc:subfield code="b">0</marc:subfield>
    <marc:subfield code="w">3806</marc:subfield>
  </marc:datafield>
  <marc:datafield tag="670" ind1=" " ind2=" ">
    <marc:subfield code="a">RiemannL|1|2/p suppl.</marc:subfield>
    <marc:subfield code="b">Damse, Joseph (Józef) [1789-1852]</marc:subfield>
    <marc:subfield code="w">2496</marc:subfield>
  </marc:datafield>
  <marc:datafield tag="670" ind1=" " ind2=" ">
    <marc:subfield code="a">RiemannL|1|2/p</marc:subfield>
    <marc:subfield code="b">Damse, Joseph [1788-1852]</marc:subfield>
    <marc:subfield code="w">408</marc:subfield>
  </marc:datafield>
</marc:record>
